@misc{codeorg2020,
    title = {AP Computer Science Principles Course Syllabus},
    author = {Code.org},
    year = {2020},
    url = {https://code.org/files/CSPSyllabus2020.pdf},
    note = {Accessed: 2024}
}

@misc{apcsp2024,
    title = {AP Computer Science Principles Course and Exam Description},
    author = {College Board},
    year = {2024},
    url = {https://apcentral.collegeboard.org/courses/ap-computer-science-principles},
    note = {Accessed: 2024}
} 